4456 5496
350 567 453 651 cula,
488 563 641 633 anetina
666 558 1049 652 ovato-lanceolata,
1086 556 1216 657 acuta,
1250 562 1291 635 in
1317 560 1502 657 petiolum
1530 547 1787 656 decurrentia,
1823 591 1885 637 su·

349 718 478 790 prema
505 692 731 765 subsessilia.
809 692 936 764 Flores
970 692 1206 786 pedicellati,
1247 708 1445 786 nutantes,
1487 697 1686 789 distantes,
1726 697 1888 767 bracteis

350 825 588 914 lanceolatis,
614 826 749 893 erectis
776 821 942 909 suffulti,
967 821 1010 890 in
1028 824 1188 895 racemis
1212 824 1476 895 terminalibus
1503 828 1694 922 dispositi,
1720 826 1889 897 interdiu

351 955 486 1025 leviter
507 964 619 1023 nocte
645 950 754 1022 valde
778 950 1055 1023 suaveolentes.
1108 954 1228 1047 Calyx
1251 954 1440 1048 profunde
1463 956 1749 1050 quinquefidus,
1775 956 1889 1024 tubu-

352 1085 475 1173 losus,
509 1083 741 1179 pubescens,
777 1081 950 1152 striatas:
984 1079 1136 1152 laciniis
1163 1082 1581 1174 lineari-lanceolatis,
1614 1055 1753 1175 acutis,
1786 1085 1891 1152 inae·

324 1199 329 1209 ⁸
356 1213 540 1305 qualibus.
595 1214 747 1279 Corolla
774 1210 1171 1303 hypocriteniormis3
1198 1213 1312 1279 tubus
1341 1208 1593 1305 c'yliudricus,
1620 1216 1750 1304 calyce
1772 1211 1890 1302 triplo

352 1342 524 1437 longior,
551 1339 721 1427 striatus,
749 1335 982 1430 pubescens,
1015 1337 1223 1425 virescens,
1258 1338 1399 1412 limbus
1421 1341 1711 1434 quinquelidus,
1736 1340 1891 1425 lacteus,

354 1468 660 1563 patentissimus,
687 1442 1117 1537 levissimebilabiatus:
1144 1467 1294 1537 laciniis
1315 1468 1461 1539 duabus
1481 1471 1739 1566 superioribus
1764 1467 1894 1562 paullo

354 1596 586 1688 minoribus,
634 1596 812 1668 omnibus
838 1593 1101 1683 subrotundis,
1141 1595 1417 1688 obtusissimis,
1453 1623 1615 1693 quarum
1646 1598 1894 1692 unaquaeque

355 1727 489 1799 subtus
517 1739 619 1797 costa
646 1726 794 1795 virente
818 1739 960 1796 notata.
1013 1724 1184 1797 Stamina
1207 1741 1370 1820 quatuor
1394 1729 1639 1829 longitudine
1661 1732 1746 1803 tubi
1775 1729 1893 1801 corol-

356 1857 438 1949 lae,
467 1856 614 1955 glabra,
649 1855 744 1926 tubo
769 1854 926 1945 adnata,
967 1853 1143 1949 quintum
1172 1854 1329 1949 reliquis
1351 1857 1433 1927 iere
1456 1858 1615 1931 dimidio
1639 1858 1810 1948 brevius,
1850 1855 1896 1926 li·

346 1956 510 2077 berum,
539 1987 623 2065 basi
648 1984 871 2079 pubescens.
924 1983 1054 2077 Stylus
1082 1983 1310 2056 staminibus
1343 1987 1512 2084 longior,
1551 1988 1761 2071 filiformis:
1805 1986 1896 2081 stig·

294 2206 296 2211 .
357 2126 460 2187 mate
488 2116 652 2204 clavato,
674 2112 1076 2184 transverse-sulcato.
1129 2114 1292 2210 Capsula
1318 2131 1450 2209 ovata,
1477 2116 1633 2209 obtusa,
1662 2118 1812 2216 glabra,
1836 2139 1895 2197 ca·

346 2247 443 2338 'lyce
468 2245 636 2317 inclusa.¹

249 2406 255 2411 ι
358 2431 483 2503 obal.
509 2430 708 2500 Nicotiana
732 2429 935 2519 undulata,
971 2450 1073 2517 anno
1098 2447 1196 2519 1799
1217 2428 1261 2497 in
1286 2429 1379 2498 flora
1405 2432 1833 2529 Pemviana'descripta
1860 2445 1899 2501 et

461 2563 559 2631 bene
586 2581 779 2652 expressa,
814 2560 957 2650 species
993 2574 1051 2628 est
1082 2557 1202 2650 longe
1224 2557 1371 2628 diversa
1395 2559 1441 2629 ab
1470 2584 1535 2648 ea,
1570 2584 1682 2654 quam
1710 2564 1928 2634 Vernaus·-

461 2690 538 2760 tius
572 2699 667 2774 1805
697 2686 771 2755 hoc
804 2688 960 2755 nomine
991 2684 1184 2772 exhibuit,
1225 2684 1335 2753 cuius
1366 2708 1507 2761 nornen
1532 2688 1634 2760 hanc
1663 2689 1713 2759 ob
1744 2712 1897 2761 causam

462 2815 710 2905 mutavimus,
751 2830 977 2912 gratumque
1010 2813 1060 2882 ob
1091 2811 1246 2883 odorem
1278 2813 1409 2909 plures
1440 2816 1517 2889 iam
1546 2834 1633 2889 ante
1667 2842 1785 2891 annos
1813 2846 1898 2895 suo·

420 2968 427 2977 “
463 2947 650 3020 venientis
674 2944 832 3014 nomine
857 2943 1114 3043 signavimus.-

363 3110 449 3182 obs.
460 3108 507 3178 11.
535 3104 594 3176 Ill.
617 3102 773 3199 lacquin
800 3104 837 3171 in
865 3099 1092 3197 fragmentis
1111 3099 1300 3171 botanicis
1324 3101 1410 3172 loco
1437 3103 1513 3173 iarn
1535 3128 1648 3203 supra
1677 3106 1805 3198 citato,
1832 3107 1897 3180 Ni.

371 3214 375 3221 ·
406 3266 410 3273 ·
467 3211 656 3308 corianam
687 3232 787 3301 hanc
816 3228 864 3299 sil
894 3229 1163 3322 Didynarniam
1198 3230 1358 3301 classem
1391 3232 1532 3301 referre
1561 3249 1598 3304 st
1633 3258 1773 3305 novum
1810 3238 1899 3309 inde

467 3387 587 3462 genus
616 3360 846 3431 Buchnereis
875 3358 1040 3428 vicinum
1075 3359 1304 3428 constituere
1333 3361 1528 3456 proponit.
1604 3363 1714 3458 Quod
1746 3366 1898 3456 quidem
1961 3370 1966 3377 '

465 3492 567 3565 hurd
583 3513 667 3561 esse
679 3487 933 3558 necessarium
942 3502 1135 3581 putamus,
1147 3491 1237 3582 quia
1251 3504 1398 3560 stamen
1406 3490 1595 3585 quintum,
1610 3493 1765 3589 reliquis
1783 3494 1898 3588 duplo

468 3622 638 3709 brevius,
663 3641 857 3712 nunquam
884 3632 1102 3708 castratum,
1128 3633 1165 3685 et
1193 3619 1337 3711 reliqua
1366 3620 1495 3690 eadem
1526 3621 1765 3719 longitudine
1788 3647 1898 3717 saepe

468 3751 700 3844 reperimus,
739 3747 961 3841 praesertim
990 3767 1079 3815 vero
1112 3770 1197 3815 eam
1225 3746 1276 3816 ob
1302 3769 1472 3837 causam,
1514 3750 1612 3841 quod
1645 3751 1739 3819 haec
1772 3755 1901 3847 plante

467 3894 549 3952 toto
576 3877 707 3947 habitu
733 3875 780 3945 ad
813 3877 1031 3947 Nicotianas
1061 3878 1187 3972 potius
1216 3876 1425 3971 pertinere,
1461 3880 1898 3976 plumbaginifolineque

470 4009 635 4081 maxime
660 4020 822 4113 cognate
845 4005 1003 4077 ridetur.
1314 4007 1317 4013 ’

1018 4220 1021 4226 “
1038 4216 1321 4253 n*
