4402 5490
833 356 844 373 a
877 332 933 417 1,

290 532 411 625 tulus,
460 529 518 595 vel
548 514 850 619 patentissimus,
893 525 1274 619 seruiquinquefidus,
1318 525 1663 618 quinqueplicatus:

288 658 437 749 laciniis
464 658 524 725 vel
551 657 748 752 oblongis,
778 656 838 723 vel
863 656 1001 744 ovans,
1035 656 1095 723 vel
1118 654 1377 749 subrotundis,
1405 655 1446 723 in
1471 652 1665 721 nonnullis

160 844 164 851 .
257 874 260 879 Ι
286 754 638 885 subinaequalibus,
669 786 812 855 obtusis
837 798 903 855 aut
926 786 1055 855 acutis.

151 874 165 903 ⁴¹
189 860 214 911 ⁷-
999 909 1003 917 ,

135 970 321 1019 srssnns.
357 944 573 1021 Filamenta
594 944 806 1037 quinque„
834 943 1025 1031 subulata,
1065 944 1181 1015 fundo
1207 944 1369 1012 corollae
1393 921 1544 1026 adnata,
1582 928 1704 1053 tubi

26 1068 35 1104 '
286 1075 366 1166 sere
387 1073 646 1171 longitudine,
676 1073 955 1164 adscendentis,
980 1070 1020 1142 in
1047 1048 1217 1166 pluribus
1242 1094 1370 1144 versus
1398 1070 1507 1138 basin
1531 1060 1663 1160 pilosa,

286 1204 347 1273 vel
375 1204 519 1273 villosa.
554 1202 745 1273 Antherae
767 1202 953 1299 oblongae
978 1205 1035 1271 vel
1052 1192 1317 1290 subrotundae,
1344 1182 1581 1285 biloculbres,
1609 1196 1662 1264 la-

287 1347 368 1401 tere
395 1332 653 1422 dehiscentes,
687 1346 817 1401 centro
845 1332 1021 1401 insertae.

135 1508 361 1563 e'tsrrnrun.
391 1480 573 1568 orarium¹
595 1511 773 1585 superum
799 1505 953 1587 ovatum
975 1491 1041 1557 vel*
1057 1490 1384 1560 ovato-conicum.
1440 1485 1566 1578 Stylus
1589 1482 1663 1553 lili-

140 1676 145 1685 .
220 1712 223 1719 .
287 1618 434 1707 formis,
457 1608 698 1714 longitudine
723 1620 940 1688 staminum.
970 1618 1112 1715 Stigma
1136 1619 1356 1712 capitatum,
1385 1612 1664 1703 crassum,sub·

288 1746 459 1817 bilobum
487 1747 546 1814 vel
575 1747 681 1815 sulca
706 1746 949 1819 transversali
976 1766 1123 1818 exarata
1152 1765 1334 1861 notatum.
1403 1767 1405 1770 ⁴

131 1917 415 1977 dsnrersrrun.
435 1902 611 1995 -Capsula
632 1908 773 1994 Ὄνεια,
792 1914 796 1919 “
813 1908 874 1974 vel
899 1906 1195 1993 ‚ovato-conica,
1239 1907 1298 1974 vel
1324 1903 1498 2001 globosa,
1544 1895 1664 1991 calyci

232 2080 235 2087 ·
288 2031 507 2126 persistenti
527 2008 717 2122 inuoluta,
751 2049 815 2102 aut
836 2036 962 2127 calyce
985 2039 1153 2131 longior,
1183 2037 1369 2123 coriscea,
1402 2032 1550 2131 glabra,
1581 2049 1663 2122 spa·

288 2162 395 2232 diceo
419 2161 563 2250 colore,
591 2160 690 2230 striis
717 2175 878 2253 quatuor
904 2164 1086 2256 depressis
1107 2183 1253 2256 notata,
1281 2163 1515 2248 bilocularis,
1545 2157 1662 2226 bival-

253 2372 255 2377 ¹
286 2292 362 2382 vis,
405 2289 469 2379 (iu
510 2312 586 2359 una
620 2291 745 2382 specie
777 2291 1048 2385 quadrivalvis)
1091 2297 1196 2387 apice
1228 2291 1500 2387 ,quadrifariam
1539 2284 1664 2355 debis-

289 2442 396 2490 cens:
440 2417 711 2513 dissepimento
741 2419 932 2512 duplicato
960 2446 1005 2494 ex
1038 2424 1185 2494 inflexis
1213 2425 1405 2493 valvarum
1430 2413 1665 2514 marginibus

287 2548 462 2614 formato.

99 2652 404 2768 ,succentori
429 2672 506 2775 duo
529 2671 886 2760 dimidiato-ovata,
921 2678 1152 2769 acuminata,
1187 2672 1368 2775 fungosa,
1402 2679 1445 2748 in
1471 2676 1588 2747 altero
1608 2674 1663 2745 la·

97 2782 111 2794 ’
285 2818 367 2871 tere
391 2822 576 2891 convexa,
605 2784 978 2899 punctam-rugosa,
1012 2808 1053 2875 in
1080 2811 1197 2880 altero
1224 2809 1337 2902 plana
1373 2809 1437 2878 vel
1467 2798 1664 2876 reniformi

286 2953 478 3022 -concava,
502 2929 939 3028 glabra,dissepimentis
966 2937 1086 3005 affixa.
1514 2908 1516 2913 Ι

133 3110 288 3159 senius.
313 3087 645 3177 numerosissima,
686 3088 840 3185 exigua,
884 3090 1198 3183 subreniformia,
1239 3115 1398 3188 rugosa,
1444 3089 1555 3160 lineis
1590 3086 1664 3157 ele-

195 3206 212 3223 ”
286 3217 380 3284 vatis
416 3214 486 3280 sub
519 3217 624 3282 lente
662 3219 882 3312 conspicuis.
912 3222 1295 3313 reticulato-venosa,
1338 3219 1662 3316 spadiceo-fuscs,

283 3343 521 3414 lutescentia.

132 3494 457 3546 russonnsnrou
484 3471 672 3542 seminum
700 3464 861 3569 duplex,
890 3471 1099 3550 c‘btiaceum
1116 3497 1152 3551 et
1168 3480 1516 3572 membranaceum,
1543 3477 1662 3549 utrin·

287 3625 360 3693 que
383 3614 511 3670 tenue.
1436 3609 1439 3613 ’

133 3732 316 3802 srsriusn
351 3729 490 3800 semini
520 3731 746 3824 conforme,
769 3755 988 3828 carnosum,
1026 3738 1066 3806 in
1098 3738 1180 3808 aliis
1218 3740 1412 3836 speciebus
1439 3736 1586 3830 album,
1623 3735 1665 3806 in

289 3858 372 3930 aliis
397 3859 727 3955 pallide-luteum.
1463 3863 1466 3867 ’

130 4040 285 4117 cnosso
314 4008 644 4112 dicotyledoneus,
674 4020 960 4115 teretiusculus,
995 3998 1295 4118 subrenilonnis,
1324 4027 1469 4098 niveus.
1514 4025 1663 4119 Cotyle-

222 4162 254 4201 ‘·
285 4148 401 4218 dones
428 4126 767 4241 semicylindricse.
820 4151 941 4223 Radix
971 4155 1187 4246 cylindrics,
1218 4156 1343 4254 longa,
1369 4180 1502 4228 crassa.

334 4279 390 4347 Ex
413 4277 478 4367 iis,
513 4301 608 4371 quae
636 4278 682 4347 de
709 4295 895 4351 structura
923 4283 1154 4354 diversarum
1181 4269 1346 4379 partium
1374 4256 1487 4358 modo
1514 4284 1665 4358 uberius

283 4409 541 4501 exposuimus,
570 4408 626 4478 ita
647 4408 755 4502 nobis
784 4412 969 4484 constitui
996 4437 1112 4506 posse
1140 4404 1293 4497 viddtur·
