4456 5496
357 571 409 642 ria
433 541 687 644 suirratuniiia.
701 542 719 565 ⁴
743 548 890 673 Stig'ma
915 528 1120 660 Eranusa,
1140 552 1360 647 'transv'a'rs'ss
1379 558 1577 648 tultatum.
1610 566 1614 573 ’
1643 574 1803 675 capsula
1832 598 1892 649 cu-

321 684 324 689 ’
357 702 461 792 nica,
491 703 641 795 obtusa,
670 704 797 800 calyce
816 702 946 801 paullo
973 705 1139 803 longior.

357 832 443 905 obs.
485 833 682 905 Linnaeus
724 848 762 904 at
794 834 962 939 plurimi
1011 830 1108 905 aius
1148 844 1388 906 successores
1434 834 1533 906 hanc
1588 834 1758 930 plantam
1806 856 1892 905 cunr
1942 906 1946 915 ,

460 964 504 1035 Ν.
530 965 745 1056 particulata
773 967 1049 1057 permutavissa
1072 965 1263 1053 videntur,
1306 979 1343 1034 at
1366 963 1438 1033 hac
1462 964 1509 1033 de
1537 986 1647 1035 causa
1673 965 1771 1035 nihil
1800 966 1893 1033 certi

358 1174 367 1191 .
461 1108 608 1171 cunstat
638 1093 697 1169 de
709 1094 936 1188 synonymia
962 1109 999 1163 et
1027 1095 1158 1192 figuris
1189 1094 1233 1165 ad
1260 1096 1308 1165 N
1329 1095 1585 1187 particulatam
1610 1096 1726 1191 vulgo
1756 1093 1890 1163 citatis

447 1224 705 1341 Quamquam
727 1222 807 1303 sola
829 1222 1014 1318 figura,
1003 1246 1043 1290 an
1071 1214 1163 1293 actis
1185 1222 1471 1294 Halmiensibus
1496 1220 1684 1311 exhibita,
1714 1222 1892 1291 soliorum

391 1350 610 1423 'fidam'
599 1353 807 1451 imaginem
836 1352 1008 1421 refertN.
1025 1352 1276 1447 paniculatae,
1294 1365 1470 1421 caeteras
1497 1367 1628 1421 tamen
1655 1352 1700 1421 ad
1729 1374 1811 1420 eam
1835 1374 1892 1419 re·
1905 1433 1912 1445 ,

463 1482 576 1569 latas,
604 1482 720 1575 q'uurn
747 1472 794 1550 de
820 1478 892 1569 hac
916 1466 1045 1589 pianta
1066 1480 1317 1575 loqueremur,
1346 1481 1566 1572 citavimus,
1593 1498 1629 1553 et
1658 1488 1734 1575 'quo
1759 1501 1892 1555 omnes

367 1602 398 1613 ”
451 1612 758 1707 permutationes
788 1610 1037 1700 etitarentur,
1081 1610 1269 1704 optimum
1295 1610 1563 1701 indicarimus,
1597 1582 1752 1682 iconem
1776 1608 1892 1680 fidam

464 1742 749 1837 exprimendam
775 1764 906 1810 ctrrare
929 1742 972 1812 N
1001 1740 1264 1829 carinthriidis,
1290 1744 1401 1833 qu‘am
1426 1765 1501 1810 non
1525 1765 1606 1812 ease
1630 1741 1796 1836 speciem
1819 1739 1894 1809 hoc

393 1894 399 1905 ·
461 1871 618 1953 nomina
648 1895 667 1940 a
698 1873 743 1940 cl.
773 1871 948 1940 Vitmano
977 1873 1184 1967 signatam,
1227 1885 1268 1938 ut
1290 1886 1414 1965 putat
1430 1872 1477 1942 cl'.
1505 1872 1771 1960 Hornemann,
1810 1870 1835 1938 Ι.
1860 1890 1891 1938 c.

463 2001 539 2072 iam
568 2001 676 2070 docet
708 2002 753 2069 cI
779 2002 991 2070 vivianus
982 2025 1022 2070 tn
1046 2003 1162 2089 libro,
1195 2002 1259 2093 qui
1290 1998 1523 2071 inscribitur.
1566 1985 1758 2072 Elenchus
1785 1999 1891 2093 plan·

464 2144 586 2199 tarum
615 2130 715 2198 horti
742 2130 961 2199 botaniiil.
989 2132 1027 2198 C.
1056 2131 1236 2227 Dinagro.
1267 2154 1351 2226 pag
1364 2134 1423 2202 26

411 2315 415 2321 -
515 2261 716 2331 Caeterum
746 2261 891 2331 cultura
919 2260 1189 2357 nonnullorum
1215 2261 1495 2356 annorutniarn
1526 2259 1613 2329 satis
1637 2259 1769 2349 evicit,
1793 2259 1893 2330 hanc

463 2413 543 2462 non
562 2384 759 2485 pertinere
784 2390 828 2461 ad
854 2390 1029 2485 hybridas
1053 2384 1216 2481 spanias,
1245 2391 1401 2480 quaein
1430 2390 1504 2460 hoc
1532 2412 1671 2487 genere
1695 2412 1806 2482 saepe
1831 2400 1892 2458 o'c-

462 2526 639 2625 currffrrnt
673 2540 744 2587 nec
767 2521 985 2633 varietatem
1011 2520 1160 2587 esseN.
1186 2502 1435 2635 paniculatae,
1508 2520 1640 2591 Nam
1631 2543 1671 2609 tn
1694 2519 1804 2589 horto
1826 2518 1890 2587 bo

464 2649 590 2721 tanico
618 2649 696 2719 Has
695 2647 818 2716 niensi
854 2644 940 2716 inda
968 2647 1013 2717 ab
1046 2671 1147 2719 anno
1172 2652 1215 2720 tt
1219 2626 1417 2721 uccevtl
1443 2650 1490 2721 ad
1514 2650 1616 2722 hunc
1643 2672 1762 2743 usque
1790 2646 1891 2720 diam

361 2740 1102 2873 ''fflwfflmfflmwmm.
