4456 5496
1076 360 1132 424 10

337 553 533 664 plantatae
554 572 748 660 putantur.
786 556 833 631 ln
856 560 962 631 Nora
986 555 1194 631 Hellandia
1216 583 1293 633 una
1313 574 1463 634 tantum
1490 563 1637 661 species
1660 588 1774 660 quarn
1794 589 1874 638 ma-

337 695 441 767 xime
474 693 677 790 peculiaris
706 704 856 784 reperta
889 703 985 779 est,
1015 708 1112 781 quae
1141 688 1295 786 quidem
1321 694 1477 765 nonnisi
1500 695 1541 764 in
1569 694 1632 764 his
1659 697 1877 794 regionibus

338 836 478 919 sponte
509 843 679 894 crescere
706 820 866 890 videtur.

457 953 649 1025 Plurimae
681 949 902 1022 Nicetianae
943 949 1141 1045 hucusque
1177 953 1355 1024 inventae
1393 951 1560 1023 radicem
1593 968 1714 1049 agunt
1744 950 1877 1051 framo-

340 1105 423 1157 sam
463 1081 745 1173 fibrosamque,
796 1081 961 1150 ramulos
1003 1082 1243 1151 emittentem
1280 1084 1430 1178 saepius
1464 1081 1721 1153 horizontales
1752 1107 1878 1176 „quam

337 1209 690 1309 perpendicularem
732 1209 939 1279 nonnullae
965 1209 1092 1280 radice
1118 1212 1311 1281 iusiformi
1344 1227 1432 1279 sunt
1456 1212 1672 1280 instructae.
1750 1215 1878 1283 Maior

339 1342 535 1414 diversitas
571 1341 614 1410 in
656 1337 763 1407 caule
793 1336 1103 1430 deprehenditur:
1141 1341 1184 1407 in
1215 1340 1282 1427 iis,
1318 1362 1413 1432 quae
1449 1362 1597 1408 annuae
1631 1357 1738 1428 sunt,
1780 1365 1878 1434 quae

341 1470 495 1563 quidem
530 1481 619 1538 sunt
648 1469 763 1563 longe
795 1466 1000 1560 plurimae,
1038 1468 1154 1536 caulis
1186 1484 1244 1537 est
1274 1469 1500 1557 herbaceus,
1541 1470 1583 1536 in
1611 1470 1767 1538 caeteris
1799 1471 1878 1540 sus-

338 1599 564 1688 lroticosus,
612 1597 654 1664 in
697 1616 773 1665 una
811 1609 960 1664 tentum
998 1595 1254 1667 arborescens.
1334 1599 1491 1667 Caulem
1530 1611 1697 1668 erectum
1735 1598 1878 1669 habent

341 1747 493 1819 omnes,
534 1747 610 1794 una
643 1739 819 1820 excepta,
849 1724 1040 1817 plurimae
1071 1747 1235 1818 superne
1267 1727 1391 1820 magis
1425 1748 1637 1817 ramosum,
1661 1748 1790 1821 ‘quam
1819 1730 1875 1798 in·

340 1854 467 1945 ierne,
502 1854 618 1924 ramis
646 1854 689 1923 in
715 1852 950 1946 pedunculos
978 1851 1258 1943 desinentibus,
1297 1855 1425 1946 plures
1453 1870 1632 1942 teretem,
1669 1832 1878 1929 nonnullae

341 1984 587 2080 angulatum,
628 1982 815 2075 plurimae
847 1982 937 2076 pilis
967 1995 1110 2050 tectum
1133 1982 1389 2073 tenuissimis,
1417 1983 1659 2075 quiquidem
1686 1983 1724 2050 in
1755 1987 1878 2054 omni·

339 2109 410 2180 bus
438 2112 518 2183 iere
541 2109 710 2206 partibus
736 2110 848 2180 viridi
877 2110 1004 2180 colore
1030 2125 1230 2203 apparent,
1253 2112 1515 2204 liquoremque
1543 2129 1742 2180 secernunt
1768 2114 1878 2184 sissi·

173 2222 177 2231 ¹
270 2224 275 2234 ¹
314 2234 452 2330 dum,
493 2240 694 2336 globulum
721 2239 901 2336 exiguum
937 2240 1113 2331 inspice
1143 2240 1387 2327 formantem,
1427 2240 1543 2309 odore
1569 2243 1752 2333 peculiari
1777 2243 1878 2312 iniu-

344 2367 484 2457 cundo,
514 2370 579 2462 qui
601 2368 829 2460 principium
855 2366 1089 2436 narcoticum
1116 2367 1312 2463 designare
1341 2383 1378 2436 et
1404 2369 1449 2436 ab
1476 2392 1548 2438 usu
1566 2370 1701 2438 harum
1728 2371 1875 2463 planta-

344 2515 429 2571 rum
457 2496 649 2585 dehortari
677 2496 836 2566 videtur,
1156 2488 1159 2493 ’

445 2624 548 2697 Folio
570 2623 612 2691 in
640 2623 723 2692 aliis
747 2622 893 2693 sessilis
922 2635 961 2690 et
983 2612 1289 2713 amplericaulia,
1319 2626 1360 2691 in
1387 2626 1470 2693 aliis
1497 2624 1583 2717 plus
1610 2627 1785 2694 minusve
1810 2649 1876 2719 pe·

342 2753 494 2842 tiol‘ete,
516 2750 714 2821 interdum<
730 2751 771 2819 in
792 2750 977 2843 petiolum
1001 2748 1255 2841 decurrentia,
1283 2752 1324 2820 in
1347 2752 1502 2820 diversis
1531 2753 1726 2846 speciebus
1753 2755 1876 2827 forma

344 2881 508 2952 maxime
534 2880 679 2950 diversa
712 2878 1014 2973 conspiciuntur,
1055 2902 1152 2970 quae
1181 2895 1311 2950 tamen
1341 2881 1388 2951 ed
1422 2883 1513 2950 duas
1543 2883 1684 2953 formas
1711 2885 1877 2954 revocari

345 3023 524 3108 possunt,
545 3007 591 3080 ad
616 3009 805 3079 cordatarn
829 3023 865 3077 et
881 3008 1149 3101 lanceolatam,
1176 3010 1229 3080 ita
1254 3012 1433 3100 variatas,
1457 3024 1501 3103 υς
1524 3011 1615 3079 alias
1639 3008 1765 3080 rideas
1793 3034 1876 3104 spe·

347 3143 422 3211 cies
446 3141 549 3211 foliis
573 3137 834 3241 subrotundis,
858 3138 949 3208 alins
979 3138 1099 3229 oratis
1123 3142 1184 3208 vel
1214 3141 1390 3234 oblongis
1417 3141 1475 3209 vel
1502 3140 1798 3232 subspathulotis
1827 3143 1876 3209 'si-

345 3271 476 3342 milive
500 3270 621 3339 forma
645 3268 859 3355 instructis,
886 3268 939 3334 ita
967 3283 1009 3336 ut
1036 3291 1148 3360 saepe
1174 3269 1302 3360 plures
1328 3269 1472 3338 formae
1498 3270 1538 3336 in
1568 3293 1641 3338 una
1663 3271 1787 3361 specie
1816 3293 1876 3341 co·

347 3402 523 3470 alescant.
578 3397 758 3468 Omnium
785 3397 995 3489 specierum
1021 3396 1112 3465 lolia
1136 3411 1225 3465 sunt
1247 3398 1412 3495 integra,
1440 3398 1687 3492 plurimarum
1711 3400 1877 3496 integer·

347 3530 466 3621 time,
494 3528 536 3596 in
565 3549 639 3594 una
668 3541 815 3595 tantum
841 3539 990 3594 crenata
1015 3543 1051 3597 et
1079 3525 1249 3613 dentata,
1282 3527 1547 3621 ianerpaucis
1575 3529 1757 3621 repanda,
1786 3551 1878 3627 quo

330 3646 397 3727 'ad
424 3656 691 3749 expansionem
725 3652 772 3724 in‘
805 3654 1018 3741 nonnullis,
1052 3657 1272 3746 pracsertim
1300 3659 1512 3750 superiora,
1559 3681 1720 3756 rugosa,
1755 3660 1878 3726 undu·

349 3788 424 3857 lata
452 3787 510 3855 vel
539 3786 671 3878 crispa.
725 3783 939 3880 Longitudo
968 3785 1008 3852 in
1035 3788 1229 3856 nonnullis
1255 3785 1390 3880 pedem
1420 3789 1581 3873 excedit,
1622 3790 1662 3854 in
1692 3808 1764 3852 una
1793 3807 1877 3876 spe,-

352 3918 409 3986 cie
433 3916 495 3984 vix
522 3915 701 4008 pellicem
731 3928 882 4004 aequat,
916 3915 1075 3985 latitudo
1103 3917 1146 3984 in
1172 3916 1330 4012 singulis
1361 3932 1446 4008 apta
1471 3939 1515 3982 ex
1539 3915 1657 3983 forma
1686 3929 1725 3983 et
1753 3912 1878 4010 longi-

350 4045 495 4116 tudine,
564 4044 694 4113 Floras
719 4044 817 4136 plue.
834 4045 1005 4113 minusve
1031 4044 1248 4137 pedicellati
1274 4045 1432 4117 bracteis
1461 4044 1500 4113 in
1524 4045 1718 4113 nonnullis
1747 4045 1878 4113 sufful-

352 4175 511 4264 ciuntur.
567 4175 609 4243 ln
639 4172 721 4242 aliis
745 4173 785 4242 in
809 4175 967 4243 racemis
994 4186 1083 4242 sunt
1109 4172 1294 4265 dispositi,
1321 4173 1363 4242 in
1391 4175 1474 4243 aliis
1499 4175 1540 4243 in
1567 4173 1756 4266 panicula,
1785 4195 1880 4262 qnae

350 4301 539 4374 interdum
555 4302 872 4395 subcoryrnbose3
896 4304 936 4372 in
960 4302 1160 4396 perpaucis
1186 4303 1449 4373 tantummodo
1479 4327 1518 4371 re
1545 4324 1630 4372 sera
1652 4302 1762 4370 flores
1789 4301 1878 4368 axil-

351 4436 447 4505 lates
465 4430 758 4528 conspiciuntur.
812 4434 946 4505 Forma
973 4431 1096 4528 magis
1126 4434 1243 4507 etiarn
1265 4436 1366 4503 inter
1393 4457 1433 4504 se
1461 4432 1656 4520 differunt,
1685 4453 1797 4524 quarn
1825 4429 1879 4495 lo-
