<?xml version="1.0" encoding="UTF-8"?>
<!DOCTYPE html PUBLIC "-//W3C//DTD XHTML 1.0 Transitional//EN"
    "http://www.w3.org/TR/xhtml1/DTD/xhtml1-transitional.dtd">
<html xmlns="http://www.w3.org/1999/xhtml" xml:lang="en" lang="en">
 <head>
  <title>
</title>
<meta http-equiv="Content-Type" content="text/html;charset=utf-8" />
  <meta name='ocr-system' content='tesseract 3.04.00' />
  <meta name='ocr-capabilities' content='ocr_page ocr_carea ocr_par ocr_line ocrx_word'/>
</head>
<body>
  <div class='ocr_page' id='page_1' title='image "./generisnicotian01lehmgoog_0014.png"; bbox 0 0 4456 5496; ppageno 0'>
   <div class='ocr_carea' id='block_1_1' title="bbox 728 925 1492 1021">
    <p class='ocr_par' dir='ltr' id='par_1_1' title="bbox 728 925 1492 1021">
     <span class='ocr_line' id='line_1_1' title="bbox 728 925 1492 1021; baseline 0.003 -5"><span class='ocrx_word' id='word_1_1' title='bbox 728 925 1492 1021; x_wconf 85' lang='lat' dir='ltr'>INTRODUCTIO.</span> 
     </span>
    </p>
   </div>
   <div class='ocr_carea' id='block_1_2' title="bbox 961 1145 1247 1178">
    <p class='ocr_par' dir='ltr' id='par_1_2' title="bbox 961 1145 1247 1178">
     <span class='ocr_line' id='line_1_2' title="bbox 961 1145 1247 1178; baseline 0.007 -6"><span class='ocrx_word' id='word_1_2' title='bbox 961 1145 1247 1178; x_wconf 52' lang='grc'><strong>*-</strong></span> 
     </span>
    </p>
   </div>
   <div class='ocr_carea' id='block_1_3' title="bbox 336 1347 1971 3949">
    <p class='ocr_par' dir='ltr' id='par_1_3' title="bbox 340 1347 1883 2534">
     <span class='ocr_line' id='line_1_3' title="bbox 348 1347 1883 1503; baseline 0.006 -27"><span class='ocrx_word' id='word_1_3' title='bbox 348 1347 813 1497; x_wconf 85' lang='lat' dir='ltr'><strong>GenusNicotianarum,</strong></span> <span class='ocrx_word' id='word_1_4' title='bbox 836 1407 878 1478; x_wconf 91' lang='lat' dir='ltr'><strong>in</strong></span> <span class='ocrx_word' id='word_1_5' title='bbox 893 1406 1429 1496; x_wconf 84' lang='lat' dir='ltr'><strong>honoremlohannisNicotii‚</strong></span> <span class='ocrx_word' id='word_1_6' title='bbox 1455 1404 1573 1503; x_wconf 85' lang='lat' dir='ltr'><strong>legati</strong></span> <span class='ocrx_word' id='word_1_7' title='bbox 1582 1405 1883 1484; x_wconf 80' lang='lat' dir='ltr'><strong>Franco-Gallici</strong></span> 
     </span>
     <span class='ocr_line' id='line_1_4' title="bbox 345 1535 1881 1630; baseline 0.005 -26"><span class='ocrx_word' id='word_1_8' title='bbox 345 1536 388 1605; x_wconf 91' lang='lat' dir='ltr'><strong>in</strong></span> <span class='ocrx_word' id='word_1_9' title='bbox 420 1538 504 1606; x_wconf 87' lang='lat' dir='ltr'><strong>aula</strong></span> <span class='ocrx_word' id='word_1_10' title='bbox 535 1538 772 1627; x_wconf 86' lang='lat' dir='ltr'><strong>Lusitanica,</strong></span> <span class='ocrx_word' id='word_1_11' title='bbox 816 1538 1123 1626; x_wconf 84' lang='lat' dir='ltr'><strong>denominatum,</strong></span> <span class='ocrx_word' id='word_1_12' title='bbox 1164 1536 1230 1630; x_wconf 85' lang='lat' dir='ltr'><strong>qui</strong></span> <span class='ocrx_word' id='word_1_13' title='bbox 1264 1536 1408 1629; x_wconf 86' lang='lat' dir='ltr'><strong>primus</strong></span> <span class='ocrx_word' id='word_1_14' title='bbox 1445 1536 1621 1607; x_wconf 85' lang='lat' dir='ltr'><strong>tabacum</strong></span> <span class='ocrx_word' id='word_1_15' title='bbox 1650 1535 1692 1604; x_wconf 88' lang='lat' dir='ltr'><strong>in</strong></span> <span class='ocrx_word' id='word_1_16' title='bbox 1714 1539 1881 1612; x_wconf 82' lang='lat' dir='ltr'><strong>Galliam</strong></span> 
     </span>
     <span class='ocr_line' id='line_1_5' title="bbox 344 1665 1882 1762; baseline 0.004 -28"><span class='ocrx_word' id='word_1_17' title='bbox 344 1665 571 1755; x_wconf 83' lang='lat' dir='ltr'>introduxit,</span> <span class='ocrx_word' id='word_1_18' title='bbox 596 1667 640 1735; x_wconf 87' lang='lat' dir='ltr'><strong>ad</strong></span> <span class='ocrx_word' id='word_1_19' title='bbox 663 1666 913 1737; x_wconf 84' lang='lat' dir='ltr'><strong>Pentandriae</strong></span> <span class='ocrx_word' id='word_1_20' title='bbox 940 1665 1217 1761; x_wconf 81' lang='lat' dir='ltr'><strong>Monogyniam</strong></span> <span class='ocrx_word' id='word_1_21' title='bbox 1244 1666 1285 1734; x_wconf 91' lang='lat' dir='ltr'><strong>in</strong></span> <span class='ocrx_word' id='word_1_22' title='bbox 1307 1679 1512 1756; x_wconf 83' lang='lat' dir='ltr'><strong>systemate</strong></span> <span class='ocrx_word' id='word_1_23' title='bbox 1538 1665 1683 1735; x_wconf 87' lang='lat' dir='ltr'><strong>sexuali</strong></span> <span class='ocrx_word' id='word_1_24' title='bbox 1708 1667 1882 1762; x_wconf 87' lang='lat' dir='ltr'><strong>Linnaei,</strong></span> 
     </span>
     <span class='ocr_line' id='line_1_6' title="bbox 346 1794 1877 1895; baseline 0.005 -31"><span class='ocrx_word' id='word_1_25' title='bbox 346 1794 392 1864; x_wconf 87' lang='lat' dir='ltr'><strong>ad</strong></span> <span class='ocrx_word' id='word_1_26' title='bbox 421 1794 577 1886; x_wconf 82' lang='lat' dir='ltr'><strong>eiusque</strong></span> <span class='ocrx_word' id='word_1_27' title='bbox 607 1796 778 1866; x_wconf 87' lang='lat' dir='ltr'><strong>ordinem</strong></span> <span class='ocrx_word' id='word_1_28' title='bbox 810 1797 1020 1865; x_wconf 83' lang='lat' dir='ltr'><strong>naturalem</strong></span> <span class='ocrx_word' id='word_1_29' title='bbox 1047 1795 1271 1865; x_wconf 86' lang='lat' dir='ltr'><strong>vicesimum</strong></span> <span class='ocrx_word' id='word_1_30' title='bbox 1302 1807 1481 1864; x_wconf 87' lang='lat' dir='ltr'><strong>octavum</strong></span> <span class='ocrx_word' id='word_1_31' title='bbox 1507 1794 1680 1895; x_wconf 81' lang='lat' dir='ltr'><strong>Luridae</strong></span> <span class='ocrx_word' id='word_1_32' title='bbox 1702 1798 1877 1889; x_wconf 86' lang='lat' dir='ltr'><strong>pertinet.</strong></span> 
     </span>
     <span class='ocr_line' id='line_1_7' title="bbox 344 1923 1880 2018; baseline 0.001 -21"><span class='ocrx_word' id='word_1_33' title='bbox 344 1926 390 1998; x_wconf 89' lang='lat' dir='ltr'><strong>In</strong></span> <span class='ocrx_word' id='word_1_34' title='bbox 417 1937 620 2015; x_wconf 82' lang='lat' dir='ltr'><strong>systemate</strong></span> <span class='ocrx_word' id='word_1_35' title='bbox 646 1927 879 1994; x_wconf 87' lang='lat' dir='ltr'><strong>Iussieuiano</strong></span> <span class='ocrx_word' id='word_1_36' title='bbox 912 1947 986 1992; x_wconf 89' lang='lat' dir='ltr'><strong>una</strong></span> <span class='ocrx_word' id='word_1_37' title='bbox 1014 1946 1101 1992; x_wconf 89' lang='lat' dir='ltr'><strong>cum</strong></span> <span class='ocrx_word' id='word_1_38' title='bbox 1127 1923 1332 2018; x_wconf 78' lang='lat' dir='ltr'><strong>generibus</strong></span> <span class='ocrx_word' id='word_1_39' title='bbox 1357 1924 1532 2018; x_wconf 86' lang='lat' dir='ltr'><strong>proxime</strong></span> <span class='ocrx_word' id='word_1_40' title='bbox 1558 1925 1749 2018; x_wconf 85' lang='lat' dir='ltr'><strong>cognatis,</strong></span> <span class='ocrx_word' id='word_1_41' title='bbox 1795 1928 1880 1998; x_wconf 87' lang='lat' dir='ltr'><strong>Cel·</strong></span> 
     </span>
     <span class='ocr_line' id='line_1_8' title="bbox 345 2030 1878 2149; baseline 0.003 -27"><span class='ocrx_word' id='word_1_42' title='bbox 345 2055 419 2143; x_wconf 88' lang='lat' dir='ltr'><strong>sia,</strong></span> <span class='ocrx_word' id='word_1_43' title='bbox 446 2030 656 2143; x_wconf 47' lang='lat' dir='ltr'><strong>Verbasco)¹</strong></span> <span class='ocrx_word' id='word_1_44' title='bbox 673 2055 880 2124; x_wconf 85' lang='lat' dir='ltr'><strong>Ramondia</strong></span> <span class='ocrx_word' id='word_1_45' title='bbox 892 2103 902 2141; x_wconf 90' lang='lat'>,</span> <span class='ocrx_word' id='word_1_46' title='bbox 929 2055 1090 2142; x_wconf 90' lang='lat' dir='ltr'><strong>Datura,</strong></span> <span class='ocrx_word' id='word_1_47' title='bbox 1115 2054 1377 2144; x_wconf 87' lang='lat' dir='ltr'><strong>Hyoscyamo,</strong></span> <span class='ocrx_word' id='word_1_48' title='bbox 1402 2053 1566 2146; x_wconf 86' lang='lat' dir='ltr'><strong>primam</strong></span> <span class='ocrx_word' id='word_1_49' title='bbox 1582 2055 1780 2124; x_wconf 87' lang='lat' dir='ltr'><strong>constituit</strong></span> <span class='ocrx_word' id='word_1_50' title='bbox 1793 2078 1878 2149; x_wconf 83' lang='lat' dir='ltr'><strong>par·</strong></span> 
     </span>
     <span class='ocr_line' id='line_1_9' title="bbox 344 2178 1878 2275; baseline 0.002 -23"><span class='ocrx_word' id='word_1_51' title='bbox 344 2196 421 2253; x_wconf 86' lang='lat' dir='ltr'><strong>tem</strong></span> <span class='ocrx_word' id='word_1_52' title='bbox 449 2184 664 2275; x_wconf 88' lang='lat' dir='ltr'><strong>plantarum</strong></span> <span class='ocrx_word' id='word_1_53' title='bbox 691 2183 875 2252; x_wconf 85' lang='lat' dir='ltr'><strong>fructibus</strong></span> <span class='ocrx_word' id='word_1_54' title='bbox 905 2180 1164 2274; x_wconf 87' lang='lat' dir='ltr'><strong>capsularibus</strong></span> <span class='ocrx_word' id='word_1_55' title='bbox 1193 2181 1462 2275; x_wconf 71' lang='lat' dir='ltr'><strong>instructarum</strong></span> <span class='ocrx_word' id='word_1_56' title='bbox 1496 2179 1544 2248; x_wconf 90' lang='lat' dir='ltr'><strong>ad</strong></span> <span class='ocrx_word' id='word_1_57' title='bbox 1571 2178 1749 2265; x_wconf 77' lang='lat' dir='ltr'><strong>ordinem</strong></span> <span class='ocrx_word' id='word_1_58' title='bbox 1777 2199 1878 2255; x_wconf 88' lang='lat' dir='ltr'><strong>octa·</strong></span> 
     </span>
     <span class='ocr_line' id='line_1_10' title="bbox 344 2308 1877 2415; baseline 0.001 -37"><span class='ocrx_word' id='word_1_59' title='bbox 344 2314 650 2415; x_wconf 67' lang='lat' dir='ltr'><strong>vumSolonme,</strong></span> <span class='ocrx_word' id='word_1_60' title='bbox 677 2311 805 2381; x_wconf 87' lang='lat' dir='ltr'><strong>classis</strong></span> <span class='ocrx_word' id='word_1_61' title='bbox 829 2312 981 2380; x_wconf 82' lang='lat' dir='ltr'><strong>octavae</strong></span> <span class='ocrx_word' id='word_1_62' title='bbox 1006 2308 1326 2399; x_wconf 87' lang='lat' dir='ltr'><strong>Dicotyledonum</strong></span> <span class='ocrx_word' id='word_1_63' title='bbox 1355 2309 1504 2377; x_wconf 88' lang='lat' dir='ltr'><strong>corollis</strong></span> <span class='ocrx_word' id='word_1_64' title='bbox 1529 2311 1779 2402; x_wconf 85' lang='lat' dir='ltr'><strong>monopetalis</strong></span> <span class='ocrx_word' id='word_1_65' title='bbox 1807 2313 1877 2407; x_wconf 90' lang='lat' dir='ltr'><strong>hy-</strong></span> 
     </span>
     <span class='ocr_line' id='line_1_11' title="bbox 340 2440 809 2534; baseline 0.004 -28"><span class='ocrx_word' id='word_1_66' title='bbox 340 2441 504 2534; x_wconf 87' lang='lat' dir='ltr'><strong>pogynis</strong></span> <span class='ocrx_word' id='word_1_67' title='bbox 526 2440 809 2530; x_wconf 86' lang='lat' dir='ltr'><strong>pertinentium.</strong></span> 
     </span>
    </p>

    <p class='ocr_par' dir='ltr' id='par_1_4' title="bbox 336 2561 1971 3818">
     <span class='ocr_line' id='line_1_12' title="bbox 443 2561 1876 2657; baseline 0.003 -24"><span class='ocrx_word' id='word_1_68' title='bbox 443 2565 489 2633; x_wconf 93' lang='lat' dir='ltr'><strong>In</strong></span> <span class='ocrx_word' id='word_1_69' title='bbox 516 2563 685 2633; x_wconf 83' lang='lat' dir='ltr'><strong>editione</strong></span> <span class='ocrx_word' id='word_1_70' title='bbox 708 2564 830 2654; x_wconf 88' lang='lat' dir='ltr'><strong>prima</strong></span> <span class='ocrx_word' id='word_1_71' title='bbox 857 2561 1067 2653; x_wconf 83' lang='lat' dir='ltr'><strong>specierum</strong></span> <span class='ocrx_word' id='word_1_72' title='bbox 1095 2562 1310 2652; x_wconf 85' lang='lat' dir='ltr'><strong>plantarum</strong></span> <span class='ocrx_word' id='word_1_73' title='bbox 1340 2563 1547 2632; x_wconf 90' lang='lat' dir='ltr'><strong>secundum</strong></span> <span class='ocrx_word' id='word_1_74' title='bbox 1576 2576 1739 2657; x_wconf 77' lang='lat' dir='ltr'><strong>systema</strong></span> <span class='ocrx_word' id='word_1_75' title='bbox 1767 2589 1876 2638; x_wconf 84' lang='lat' dir='ltr'><strong>sexu·</strong></span> 
     </span>
     <span class='ocr_line' id='line_1_13' title="bbox 340 2690 1876 2786; baseline 0.001 -22"><span class='ocrx_word' id='word_1_76' title='bbox 340 2696 401 2764; x_wconf 86' lang='lat' dir='ltr'><strong>ale</strong></span> <span class='ocrx_word' id='word_1_77' title='bbox 428 2714 528 2762; x_wconf 87' lang='lat' dir='ltr'><strong>anno</strong></span> <span class='ocrx_word' id='word_1_78' title='bbox 546 2692 777 2762; x_wconf 85' lang='lat' dir='ltr'>MDCCLIII</span> <span class='ocrx_word' id='word_1_79' title='bbox 800 2693 994 2786; x_wconf 78' lang='lat' dir='ltr'><strong>evulgata,</strong></span> <span class='ocrx_word' id='word_1_80' title='bbox 1039 2690 1199 2756; x_wconf 67' lang='lat' dir='ltr'><strong>‘nonnisi</strong></span> <span class='ocrx_word' id='word_1_81' title='bbox 1227 2704 1388 2780; x_wconf 90' lang='lat' dir='ltr'><strong>quatuor</strong></span> <span class='ocrx_word' id='word_1_82' title='bbox 1413 2692 1558 2783; x_wconf 88' lang='lat' dir='ltr'><strong>species</strong></span> <span class='ocrx_word' id='word_1_83' title='bbox 1586 2691 1757 2761; x_wconf 86' lang='lat' dir='ltr'><strong>Linnaeo</strong></span> <span class='ocrx_word' id='word_1_84' title='bbox 1784 2715 1876 2765; x_wconf 88' lang='lat' dir='ltr'><strong>enu-</strong></span> 
     </span>
     <span class='ocr_line' id='line_1_14' title="bbox 341 2819 1876 2912; baseline 0.001 -19"><span class='ocrx_word' id='word_1_85' title='bbox 341 2843 486 2893; x_wconf 89' lang='lat' dir='ltr'><strong>merare</strong></span> <span class='ocrx_word' id='word_1_86' title='bbox 514 2820 639 2907; x_wconf 90' lang='lat' dir='ltr'><strong>licuit,</strong></span> <span class='ocrx_word' id='word_1_87' title='bbox 679 2841 835 2912; x_wconf 90' lang='lat' dir='ltr'><strong>quarum</strong></span> <span class='ocrx_word' id='word_1_88' title='bbox 866 2841 1044 2886; x_wconf 84' lang='lat' dir='ltr'><strong>numerus</strong></span> <span class='ocrx_word' id='word_1_89' title='bbox 1068 2832 1200 2910; x_wconf 84' lang='lat' dir='ltr'><strong>postea</strong></span> <span class='ocrx_word' id='word_1_90' title='bbox 1228 2819 1280 2886; x_wconf 84' lang='lat' dir='ltr'><strong>ita</strong></span> <span class='ocrx_word' id='word_1_91' title='bbox 1307 2833 1439 2887; x_wconf 84' lang='lat' dir='ltr'><strong>auctus</strong></span> <span class='ocrx_word' id='word_1_92' title='bbox 1466 2834 1542 2909; x_wconf 83' lang='lat' dir='ltr'><strong>est,</strong></span> <span class='ocrx_word' id='word_1_93' title='bbox 1577 2832 1620 2887; x_wconf 91' lang='lat' dir='ltr'><strong>ut</strong></span> <span class='ocrx_word' id='word_1_94' title='bbox 1645 2819 1687 2888; x_wconf 88' lang='lat' dir='ltr'><strong>in</strong></span> <span class='ocrx_word' id='word_1_95' title='bbox 1710 2820 1876 2895; x_wconf 85' lang='lat' dir='ltr'><strong>editione</strong></span> 
     </span>
     <span class='ocr_line' id='line_1_15' title="bbox 340 2947 1873 3038; baseline -0.001 -16"><span class='ocrx_word' id='word_1_96' title='bbox 340 2949 673 3033; x_wconf 61' lang='lat' dir='ltr'><strong>Willdenowianm</strong></span> <span class='ocrx_word' id='word_1_97' title='bbox 719 2947 825 3016; x_wconf 89' lang='lat' dir='ltr'><strong>cuius</strong></span> <span class='ocrx_word' id='word_1_98' title='bbox 866 2969 907 3012; x_wconf 87' lang='lat' dir='ltr'><strong>ea</strong></span> <span class='ocrx_word' id='word_1_99' title='bbox 951 2971 1059 3037; x_wconf 60' lang='lat' dir='ltr'><strong>pars,</strong></span> <span class='ocrx_word' id='word_1_100' title='bbox 1100 2971 1197 3037; x_wconf 88' lang='lat' dir='ltr'><strong>quae</strong></span> <span class='ocrx_word' id='word_1_101' title='bbox 1235 2947 1500 3016; x_wconf 84' lang='lat' dir='ltr'><strong>Pontandriam</strong></span> <span class='ocrx_word' id='word_1_102' title='bbox 1538 2948 1725 3038; x_wconf 82' lang='lat' dir='ltr'><strong>continet,</strong></span> <span class='ocrx_word' id='word_1_103' title='bbox 1774 2973 1873 3021; x_wconf 79' lang='lat' dir='ltr'><strong>anno</strong></span> 
     </span>
     <span class='ocr_line' id='line_1_16' title="bbox 338 3073 1873 3168; baseline -0.001 -17"><span class='ocrx_word' id='word_1_104' title='bbox 338 3079 621 3152; x_wconf 83' lang='lat' dir='ltr'>MDCCICVIII</span> <span class='ocrx_word' id='word_1_105' title='bbox 655 3073 755 3144; x_wconf 80' lang='lat' dir='ltr'><strong>edita</strong></span> <span class='ocrx_word' id='word_1_106' title='bbox 783 3089 855 3162; x_wconf 86' lang='lat' dir='ltr'><strong>est,</strong></span> <span class='ocrx_word' id='word_1_107' title='bbox 898 3089 1042 3166; x_wconf 75' lang='lat' dir='ltr'><strong>septem</strong></span> <span class='ocrx_word' id='word_1_108' title='bbox 1071 3077 1149 3144; x_wconf 88' lang='lat' dir='ltr'><strong>iarn</strong></span> <span class='ocrx_word' id='word_1_109' title='bbox 1178 3075 1341 3168; x_wconf 85' lang='lat' dir='ltr'><strong>species,</strong></span> <span class='ocrx_word' id='word_1_110' title='bbox 1379 3076 1420 3145; x_wconf 92' lang='lat' dir='ltr'><strong>in</strong></span> <span class='ocrx_word' id='word_1_111' title='bbox 1446 3078 1640 3146; x_wconf 87' lang='lat' dir='ltr'><strong>Persoonii</strong></span> <span class='ocrx_word' id='word_1_112' title='bbox 1663 3078 1873 3149; x_wconf 85' lang='lat' dir='ltr'><strong>enchiridio</strong></span> 
     </span>
     <span class='ocr_line' id='line_1_17' title="bbox 339 3203 1873 3304; baseline 0.001 -30"><span class='ocrx_word' id='word_1_113' title='bbox 339 3208 532 3295; x_wconf 85' lang='lat' dir='ltr'><strong>botanico,</strong></span> <span class='ocrx_word' id='word_1_114' title='bbox 567 3228 666 3273; x_wconf 91' lang='lat' dir='ltr'><strong>anno</strong></span> <span class='ocrx_word' id='word_1_115' title='bbox 694 3204 902 3274; x_wconf 89' lang='lat' dir='ltr'><strong>MDCCCV</strong></span> <span class='ocrx_word' id='word_1_116' title='bbox 927 3203 1045 3291; x_wconf 83' lang='lat' dir='ltr'><strong>edito,</strong></span> <span class='ocrx_word' id='word_1_117' title='bbox 1077 3225 1267 3289; x_wconf 79' lang='lat' dir='ltr'><strong>unacum</strong></span> <span class='ocrx_word' id='word_1_118' title='bbox 1294 3206 1482 3296; x_wconf 87' lang='lat' dir='ltr'><strong>Pctuniis‚</strong></span> <span class='ocrx_word' id='word_1_119' title='bbox 1517 3226 1612 3298; x_wconf 89' lang='lat' dir='ltr'><strong>quae</strong></span> <span class='ocrx_word' id='word_1_120' title='bbox 1640 3204 1686 3274; x_wconf 90' lang='lat' dir='ltr'><strong>ad</strong></span> <span class='ocrx_word' id='word_1_121' title='bbox 1710 3205 1784 3276; x_wconf 89' lang='lat' dir='ltr'><strong>hoc</strong></span> <span class='ocrx_word' id='word_1_122' title='bbox 1808 3230 1873 3304; x_wconf 81' lang='lat' dir='ltr'><strong>ge-</strong></span> 
     </span>
     <span class='ocr_line' id='line_1_18' title="bbox 340 3314 1871 3427; baseline 0.003 -25"><span class='ocrx_word' id='word_1_123' title='bbox 340 3359 410 3403; x_wconf 90' lang='lat' dir='ltr'><strong>nus</strong></span> <span class='ocrx_word' id='word_1_124' title='bbox 439 3351 526 3404; x_wconf 88' lang='lat' dir='ltr'><strong>sunt</strong></span> <span class='ocrx_word' id='word_1_125' title='bbox 552 3322 790 3424; x_wconf 83' lang='lat' dir='ltr'><strong>referendae,</strong></span> <span class='ocrx_word' id='word_1_126' title='bbox 817 3314 1100 3426; x_wconf 85' lang='lat' dir='ltr'><strong>quatuordecim</strong></span> <span class='ocrx_word' id='word_1_127' title='bbox 1130 3349 1395 3424; x_wconf 85' lang='lat' dir='ltr'><strong>numerentur,</strong></span> <span class='ocrx_word' id='word_1_128' title='bbox 1420 3356 1580 3427; x_wconf 88' lang='lat' dir='ltr'><strong>querum</strong></span> <span class='ocrx_word' id='word_1_129' title='bbox 1607 3335 1759 3425; x_wconf 89' lang='lat' dir='ltr'><strong>quidem</strong></span> <span class='ocrx_word' id='word_1_130' title='bbox 1782 3359 1871 3426; x_wconf 88' lang='lat' dir='ltr'><strong>una,</strong></span> 
     </span>
     <span class='ocr_line' id='line_1_19' title="bbox 338 3462 1871 3561; baseline 0.001 -28"><span class='ocrx_word' id='word_1_131' title='bbox 338 3467 382 3533; x_wconf 88' lang='lat' dir='ltr'><strong>N.</strong></span> <span class='ocrx_word' id='word_1_132' title='bbox 413 3479 646 3553; x_wconf 84' lang='lat' dir='ltr'><strong>tomentosa,</strong></span> <span class='ocrx_word' id='word_1_133' title='bbox 676 3465 866 3557; x_wconf 87' lang='lat' dir='ltr'><strong>peculiare</strong></span> <span class='ocrx_word' id='word_1_134' title='bbox 892 3484 1012 3561; x_wconf 85' lang='lat' dir='ltr'><strong>genus</strong></span> <span class='ocrx_word' id='word_1_135' title='bbox 1041 3463 1255 3550; x_wconf 82' lang='lat' dir='ltr'><strong>constituit,</strong></span> <span class='ocrx_word' id='word_1_136' title='bbox 1291 3463 1389 3555; x_wconf 91' lang='lat' dir='ltr'><strong>quod</strong></span> <span class='ocrx_word' id='word_1_137' title='bbox 1416 3465 1461 3530; x_wconf 91' lang='lat' dir='ltr'><strong>cl.</strong></span> <span class='ocrx_word' id='word_1_138' title='bbox 1488 3464 1732 3556; x_wconf 87' lang='lat' dir='ltr'><strong>Sprengelins</strong></span> <span class='ocrx_word' id='word_1_139' title='bbox 1753 3462 1800 3551; x_wconf 86' lang='lat' dir='ltr'><strong>¹-in</strong></span> <span class='ocrx_word' id='word_1_140' title='bbox 1826 3466 1871 3534; x_wconf 81' lang='lat' dir='ltr'><strong>li·</strong></span> 
     </span>
     <span class='ocr_line' id='line_1_20' title="bbox 337 3578 1971 3686; baseline 0.003 -26"><span class='ocrx_word' id='word_1_141' title='bbox 337 3590 423 3682; x_wconf 88' lang='lat' dir='ltr'><strong>bro,</strong></span> <span class='ocrx_word' id='word_1_142' title='bbox 452 3595 516 3686; x_wconf 92' lang='lat' dir='ltr'><strong>qui</strong></span> <span class='ocrx_word' id='word_1_143' title='bbox 543 3593 761 3662; x_wconf 83' lang='lat' dir='ltr'><strong>inscribitur</strong></span> <span class='ocrx_word' id='word_1_144' title='bbox 787 3578 1035 3686; x_wconf 80' lang='lat' dir='ltr'><strong>“Anleitung-</strong></span> <span class='ocrx_word' id='word_1_145' title='bbox 1056 3612 1122 3659; x_wconf 91' lang='lat' dir='ltr'><strong>zur</strong></span> <span class='ocrx_word' id='word_1_146' title='bbox 1146 3592 1348 3660; x_wconf 86' lang='lat' dir='ltr'><strong>Kenntnils</strong></span> <span class='ocrx_word' id='word_1_147' title='bbox 1377 3591 1442 3659; x_wconf 89' lang='lat' dir='ltr'><strong>der</strong></span> <span class='ocrx_word' id='word_1_148' title='bbox 1466 3587 1706 3661; x_wconf 78' lang='lat' dir='ltr'><strong>Gewachse”</strong></span> <span class='ocrx_word' id='word_1_149' title='bbox 1735 3590 1868 3665; x_wconf 74' lang='lat' dir='ltr'><strong>editu.</strong></span> <span class='ocrx_word' id='word_1_150' title='bbox 1967 3676 1971 3681; x_wconf 85' lang='lat'><strong>.</strong></span> 
     </span>
     <span class='ocr_line' id='line_1_21' title="bbox 336 3718 1530 3818; baseline -0.007 -24"><span class='ocrx_word' id='word_1_151' title='bbox 336 3721 492 3795; x_wconf 64' lang='lat' dir='ltr'><strong>Tamo.</strong></span> <span class='ocrx_word' id='word_1_152' title='bbox 520 3725 608 3794; x_wconf 83' lang='lat' dir='ltr'><strong>Pars</strong></span> <span class='ocrx_word' id='word_1_153' title='bbox 624 3747 652 3792; x_wconf 82' lang='lat' dir='ltr'><strong>r.</strong></span> <span class='ocrx_word' id='word_1_154' title='bbox 682 3743 767 3818; x_wconf 85' lang='lat' dir='ltr'><strong>pag.</strong></span> <span class='ocrx_word' id='word_1_155' title='bbox 778 3732 853 3810; x_wconf 80' lang='lat'><strong>458</strong></span> <span class='ocrx_word' id='word_1_156' title='bbox 880 3721 1036 3790; x_wconf 85' lang='lat' dir='ltr'><strong>nomine</strong></span> <span class='ocrx_word' id='word_1_157' title='bbox 1062 3723 1328 3790; x_wconf 70' lang='lat' dir='ltr'><strong>Lnnnannrln</strong></span> <span class='ocrx_word' id='word_1_158' title='bbox 1355 3718 1530 3816; x_wconf 86' lang='lat' dir='ltr'><strong>signavit.</strong></span> 
     </span>
    </p>

    <p class='ocr_par' dir='ltr' id='par_1_5' title="bbox 438 3847 1939 3949">
     <span class='ocr_line' id='line_1_22' title="bbox 438 3847 1939 3949; baseline 0.003 -27"><span class='ocrx_word' id='word_1_159' title='bbox 438 3853 555 3922; x_wconf 89' lang='lat' dir='ltr'><strong>Nobis</strong></span> <span class='ocrx_word' id='word_1_160' title='bbox 587 3853 767 3922; x_wconf 88' lang='lat' dir='ltr'><strong>vicesima</strong></span> <span class='ocrx_word' id='word_1_161' title='bbox 799 3848 922 3944; x_wconf 83' lang='lat' dir='ltr'><strong>prima</strong></span> <span class='ocrx_word' id='word_1_162' title='bbox 956 3849 1210 3949; x_wconf 31' lang='lat' dir='ltr'><strong>iam&#39;species</strong></span> <span class='ocrx_word' id='word_1_163' title='bbox 1244 3849 1395 3944; x_wconf 82' lang='lat' dir='ltr'><strong>generis</strong></span> <span class='ocrx_word' id='word_1_164' title='bbox 1421 3847 1704 3920; x_wconf 89' lang='lat' dir='ltr'><strong>Nicotianarum</strong></span> <span class='ocrx_word' id='word_1_165' title='bbox 1734 3848 1870 3922; x_wconf 84' lang='lat' dir='ltr'><strong>descri-</strong></span> <span class='ocrx_word' id='word_1_166' title='bbox 1936 3922 1939 3927; x_wconf 88' lang='lat'>.</span> 
     </span>
    </p>
   </div>
   <div class='ocr_carea' id='block_1_4' title="bbox 332 3976 1912 4074">
    <p class='ocr_par' dir='ltr' id='par_1_6' title="bbox 332 3976 1912 4074">
     <span class='ocr_line' id='line_1_23' title="bbox 332 3976 1912 4074; baseline -0.001 -24"><span class='ocrx_word' id='word_1_167' title='bbox 332 3978 453 4068; x_wconf 86' lang='lat' dir='ltr'><strong>bitur,</strong></span> <span class='ocrx_word' id='word_1_168' title='bbox 488 4002 648 4072; x_wconf 88' lang='lat' dir='ltr'><strong>quarum</strong></span> <span class='ocrx_word' id='word_1_169' title='bbox 670 3979 889 4063; x_wconf 63' lang='lat' dir='ltr'><strong>duodecim„</strong></span> <span class='ocrx_word' id='word_1_170' title='bbox 900 3979 942 4048; x_wconf 92' lang='lat' dir='ltr'><strong>in</strong></span> <span class='ocrx_word' id='word_1_171' title='bbox 969 3977 1091 4048; x_wconf 87' lang='lat' dir='ltr'><strong>hortis</strong></span> <span class='ocrx_word' id='word_1_172' title='bbox 1114 3976 1298 4046; x_wconf 88' lang='lat' dir='ltr'><strong>botanicis</strong></span> <span class='ocrx_word' id='word_1_173' title='bbox 1327 3979 1496 4066; x_wconf 85' lang='lat' dir='ltr'><strong>aluntur,</strong></span> <span class='ocrx_word' id='word_1_174' title='bbox 1534 3990 1612 4048; x_wconf 89' lang='lat' dir='ltr'><strong>tres</strong></span> <span class='ocrx_word' id='word_1_175' title='bbox 1639 4002 1728 4049; x_wconf 72' lang='lat' dir='ltr'><strong>vero</strong></span> <span class='ocrx_word' id='word_1_176' title='bbox 1753 3980 1867 4074; x_wconf 86' lang='lat' dir='ltr'><strong>potis.</strong></span> <span class='ocrx_word' id='word_1_177' title='bbox 1904 4028 1912 4049; x_wconf 45' lang='lat' dir='ltr'><strong>r</strong></span> 
     </span>
    </p>
   </div>
   <div class='ocr_carea' id='block_1_5' title="bbox 305 4106 1870 4463">
    <p class='ocr_par' dir='ltr' id='par_1_7' title="bbox 305 4106 1870 4463">
     <span class='ocr_line' id='line_1_24' title="bbox 316 4106 1453 4207; baseline -0.004 -28"><span class='ocrx_word' id='word_1_178' title='bbox 316 4113 473 4207; x_wconf 31' lang='lat' dir='ltr'><strong>„simum</strong></span> <span class='ocrx_word' id='word_1_179' title='bbox 499 4107 543 4177; x_wconf 92' lang='lat' dir='ltr'><strong>ad</strong></span> <span class='ocrx_word' id='word_1_180' title='bbox 572 4131 660 4177; x_wconf 90' lang='lat' dir='ltr'><strong>usus</strong></span> <span class='ocrx_word' id='word_1_181' title='bbox 686 4109 905 4178; x_wconf 88' lang='lat' dir='ltr'><strong>diaeteticos</strong></span> <span class='ocrx_word' id='word_1_182' title='bbox 934 4109 1110 4178; x_wconf 91' lang='lat' dir='ltr'><strong>coluntur</strong></span> <span class='ocrx_word' id='word_1_183' title='bbox 1137 4106 1453 4200; x_wconf 83' lang='lat' dir='ltr'><strong>frequentissime.</strong></span> 
     </span>
     <span class='ocr_line' id='line_1_25' title="bbox 438 4237 1868 4334; baseline 0.002 -27"><span class='ocrx_word' id='word_1_184' title='bbox 438 4241 578 4307; x_wconf 87' lang='lat' dir='ltr'><strong>Omnes</strong></span> <span class='ocrx_word' id='word_1_185' title='bbox 606 4240 686 4306; x_wconf 87' lang='lat' dir='ltr'><strong>fere</strong></span> <span class='ocrx_word' id='word_1_186' title='bbox 709 4237 854 4329; x_wconf 87' lang='lat' dir='ltr'><strong>species</strong></span> <span class='ocrx_word' id='word_1_187' title='bbox 876 4237 918 4304; x_wconf 91' lang='lat' dir='ltr'><strong>in</strong></span> <span class='ocrx_word' id='word_1_188' title='bbox 945 4237 1117 4331; x_wconf 86' lang='lat' dir='ltr'><strong>Americe</strong></span> <span class='ocrx_word' id='word_1_189' title='bbox 1145 4237 1348 4333; x_wconf 86' lang='lat' dir='ltr'><strong>indigenae</strong></span> <span class='ocrx_word' id='word_1_190' title='bbox 1374 4249 1483 4323; x_wconf 81' lang='lat' dir='ltr'><strong>sunt3</strong></span> <span class='ocrx_word' id='word_1_191' title='bbox 1515 4237 1623 4307; x_wconf 86' lang='lat' dir='ltr'><strong>nulla</strong></span> <span class='ocrx_word' id='word_1_192' title='bbox 1651 4238 1692 4306; x_wconf 91' lang='lat' dir='ltr'><strong>in</strong></span> <span class='ocrx_word' id='word_1_193' title='bbox 1717 4240 1868 4334; x_wconf 84' lang='lat' dir='ltr'><strong>Europa</strong></span> 
     </span>
     <span class='ocr_line' id='line_1_26' title="bbox 305 4363 1870 4463; baseline 0.003 -27"><span class='ocrx_word' id='word_1_194' title='bbox 305 4379 468 4463; x_wconf 84' lang='lat' dir='ltr'><strong>·sponte</strong></span> <span class='ocrx_word' id='word_1_195' title='bbox 498 4368 648 4456; x_wconf 83' lang='lat' dir='ltr'><strong>crescit,</strong></span> <span class='ocrx_word' id='word_1_196' title='bbox 697 4366 806 4438; x_wconf 87' lang='lat' dir='ltr'><strong>etin</strong></span> <span class='ocrx_word' id='word_1_197' title='bbox 832 4363 920 4434; x_wconf 85' lang='lat' dir='ltr'><strong>Asia</strong></span> <span class='ocrx_word' id='word_1_198' title='bbox 958 4378 997 4436; x_wconf 88' lang='lat' dir='ltr'><strong>et</strong></span> <span class='ocrx_word' id='word_1_199' title='bbox 1023 4365 1149 4444; x_wconf 75' lang='lat' dir='ltr'><strong>Africa</strong></span> <span class='ocrx_word' id='word_1_200' title='bbox 1177 4387 1274 4458; x_wconf 85' lang='lat' dir='ltr'><strong>quae</strong></span> <span class='ocrx_word' id='word_1_201' title='bbox 1296 4378 1517 4457; x_wconf 85' lang='lat' dir='ltr'><strong>occurrunt,</strong></span> <span class='ocrx_word' id='word_1_202' title='bbox 1564 4367 1718 4436; x_wconf 86' lang='lat' dir='ltr'><strong>nonnisi</strong></span> <span class='ocrx_word' id='word_1_203' title='bbox 1747 4382 1870 4440; x_wconf 85' lang='lat' dir='ltr'><strong>trans·</strong></span> 
     </span>
    </p>
   </div>
   <div class='ocr_carea' id='block_1_6' title="bbox 1588 4491 1661 4589">
    <p class='ocr_par' dir='ltr' id='par_1_8' title="bbox 1588 4491 1661 4589">
     <span class='ocr_line' id='line_1_27' title="bbox 1588 4491 1661 4589; baseline 0.055 -4"><span class='ocrx_word' id='word_1_204' title='bbox 1588 4491 1661 4589; x_wconf 77' lang='lat'><strong>(2)</strong></span> 
     </span>
    </p>
   </div>
   <div class='ocr_carea' id='block_1_7' title="bbox 0 0 2232 5496">
    <p class='ocr_par' dir='ltr' id='par_1_9' title="bbox 0 0 2232 5496">
     <span class='ocr_line' id='line_1_28' title="bbox 0 0 2232 5496; baseline 0 4"><span class='ocrx_word' id='word_1_205' title='bbox 0 0 2232 5496; x_wconf 95' lang='lat' dir='ltr'><strong> </strong></span> 
     </span>
    </p>
   </div>
  </div>
 </body>
</html>
