4402 5490
280 1098 336 1135 ‘x
455 990 1460 1076 PROLEGomntvnx

799 1194 989 1214 m

258 1463 368 1539 'einni
399 1466 477 1538 iam
509 1466 656 1560 aliquot
680 1468 935 1559 praeteriere,
981 1486 1029 1536 ee
1060 1467 1194 1573 quibus
1220 1470 1269 1537 de
1295 1468 1504 1537 Nicotiena
1530 1466 1685 1579 institui

157 1627 341 1714 seribere,
378 1628 598 1716 plantarum
626 1648 767 1716 genere
794 1626 924 1695 multib
957 1626 1052 1694 loeis
1078 1624 1226 1713 insigni
1255 1638 1292 1693 et
1323 1624 1503 1714 notabili,
1542 1623 1688 1692 laboris

156 1785 261 1852 socio
288 1795 481 1870 assumpto
511 1782 709 1868 Simersio,
748 1781 801 1846 M.
832 1784 881 1846 J).
912 1782 1126 1867 Hamburgi
1147 1794 1341 1870 versante,
1363 1780 1686 1875 familiarissimo

154 1958 254 2026 tneo,
278 1939 346 2026 qni
374 1937 449 2005 otii
475 1935 679 2006 maximam
700 1948 849 2024 partem
872 1935 989 2024 ponit·
1009 1935 1051 2002 in
1075 1948 1160 2003 arte
1183 1934 1362 2004 botaniea
1393 1911 1691 2022 colendamque
1755 2006 1760 2015 ,

154 2096 375 2162 exercenda.
435 2091 683 2180 Propositum
711 2091 822 2159 nobis
846 2105 947 2180 eret,
981 2098 1017 2160 et
1055 2093 1381 2181 quoecumqueete
1415 2087 1495 2159 eiu's
1519 2092 1690 2161 historia

161 2249 248 2321 erui·
271 2261 432 2341 possunt
456 2268 658 2339 exponere,
687 2258 724 2315 et
747 2245 1030 2347 disquisitioni
1040 2246 1239 2315 botanieae
1272 2267 1321 2321 eas
1345 2247 1473 2314 omnia
1504 2248 1689 2338 adiicere,

41 2450 46 2459 ·
154 2426 252 2499 quae
283 2425 332 2474 ee
358 2404 470 2477 vario
498 2406 583 2475 eius
613 2426 683 2472 usn
710 2406 927 2475 redundant
958 2405 1010 2473 ad
1035 2417 1157 2473 artem
1186 2404 1390 2494 medicam,
1432 2404 1686 2497 eliaetetieam,

155 2562 451 2646 oeconomicam,
477 2561 707 2644 teclmieam,
736 2573 772 2622 et
793 2582 884 2623 vero
909 2561 1024 2623 etiam
1051 2561 1104 2625 ad
1126 2559 1320 2623 ebemiam.
1402 2559 1483 2636 Iam
1510 2580 1621 2646 quum
1650 2565 1686 2631 el

154 2736 251 2806 quae
272 2724 363 2780 ante
387 2731 458 2779 nos
487 2713 568 2780 viri
592 2713 701 2791 docti
724 2713 773 2817 fle
799 2710 1010 2821 Nicotiana
1032 2711 1282 2781 observarunt
1301 2715 1472 2782 studiose
1490 2736 1686 2803 persecru·
1726 2779 1729 2783 .

155 2866 233 2941 tati
254 2892 432 2960 essemus,
468 2882 505 2937 et
532 2869 640 2937 ambo
671 2868 713 2938 in
739 2868 943 2940 itineribus
969 2870 1114 2955 nostris
1142 2869 1366 2957 diligentem
1395 2871 1459 2939 ltt's
1482 2873 1595 2940 rebus
1621 2894 1684 2941 eu·

155 3048 238 3094 ram
263 3048 522 3115 navassemus,
550 3040 587 3093 et
608 3040 809 3116 praeterea
831 2960 1090 3116 clintingeret,
1125 3038 1167 3093 ut
1186 3026 1388 3094 multorum
1407 3028 1582 3101 virorum
1608 3031 1687 3099 cla'

154 3184 394 3252 rissimorum
422 3166 694 3251 benevolentia
711 3168 989 3265 adiuvaremur,
1020 3182 1061 3252 in
1087 3184 1213 3252 studio
1236 3196 1389 3287 nostro,
1430 3183 1530 3254 banc
1555 3187 1687 3256 animo

49 3386 53 3391 -
153 3314 254 3430 sltem
288 3340 428 3409 licebat
458 3340 674 3431 concepere,
709 3341 746 3408 si
774 3362 866 3430 opus
902 3342 954 3408 ad
976 3339 1101 3431 finem
1123 3355 1254 3432 posset
1283 3342 1460 3431 perduci,
1483 3341 1601 3433 sore,
1641 3353 1684 3410 ut

151 3497 361 3589 perfectius
393 3499 572 3567 evaderet
604 3511 639 3565 et
682 3497 919 3585 absolutius,
942 3568 947 3577 ,
974 3520 1087 3587 quam
1136 3521 1231 3588 quae
1275 3499 1463 3591 bucusque
1503 3491 1604 3567 huna
1643 3499 1687 3567 in

140 3653 264 3747 finem
291 3654 438 3743 scripta
466 3650 598 3723 essent.
678 3652 816 3723 Plures
840 3658 930 3723 ve'ro
958 3677 1096 3724 causae
1121 3655 1349 3743 impediunt,
1395 3674 1468 3741 quo
1490 3655 1617 3727 minus
1642 3676 1686 3722 eo

128 3804 254 3905 'quod
281 3826 537 3882 statueramus
565 3808 691 3901 spatio
730 3806 857 3880 omnia
883 3810 1070 3901 conficere
1100 3811 1308 3901 possimus,
1345 3829 1442 3898 quae
1465 3812 1682 3881 necessaria

149 3970 324 4039 ducimus
346 3971 398 4036 ad
421 3991 520 4056 rem,
542 3938 585 4036 ut
599 3989 675 4057 par
702 3983 776 4057 est,
804 3967 1083 4038 absolvendam.

167 4125 169 4128 ⁴
257 4128 413 4195 Interea
442 4124 632 4195 historiae
657 4127 848 4196 naturalis
869 4121 1109 4218 professoris
1131 4144 1265 4196 munus
1292 4127 1564 4217 in.Gymnasio
1590 4146 1681 4194 aea·

152 4281 320 4372 demico,
358 4282 460 4371 quod
485 4281 702 4371 Ilamburgi
712 4279 855 4376 floret,
900 4286 940 4353 in
968 4306 1025 4353 me
1051 4285 1275 4353 translatum
1303 4298 1377 4372 est,
1408 4283 1507 4352 milti
1528 4284 1681 4370 qut'dent

149 4438 280 4519 multis
305 4438 509 4512 decausis
533 4458 609 4509 non
632 4448 777 4511 tantum
807 4441 1122 4512 iucundissimum
1154 4441 1221 4511 sed
1253 4418 1679 4539 honbrefieentissimum
