4456 5496
1104 248 1158 357 11‘.

366 470 522 581 tiaje'i,
543 458 659 599 „quod
686 514 798 587 saepe
827 490 1008 582 occurrit,
1050 476 1215 587 species,
1250 510 1346 589 quae
1373 492 1555 566 foliorum
1581 486 1701 567 sonna
1728 496 1899 592 proxime

366 637 550 716 cognatae
576 624 790 712 videantur,
818 623 929 692 flores
958 620 1102 694 habent
1127 627 1292 695 maxime
1318 610 1418 694 inter
1444 648 1485 694 se
1513 626 1697 714 diversos,
1724 642 1768 701 ut
1792 643 1901 697 natu-

363 749 483 820 ralem
504 753 643 822 seriem
673 752 776 821 inter
809 754 954 847 species
993 752 1245 844 constituere,
1282 778 1395 849 quarn
1423 754 1578 825 difficile
1608 754 1675 843 sit,
1710 754 1901 825 sanleia-

363 878 566 975 teiligatur.
624 885 796 979 Quarum
819 881 972 975 quidem
993 883 1203 953 formarum
1230 882 1426 952 diversitas
1447 906 1564 976 quum
1582 883 1707 982 tnagis
1734 884 1941 977 iliustreqss

362 1023 425 1077 tur
445 1012 488 1079 in
514 1013 779 1105 sequentibus,
810 1033 932 1081 unum
955 1012 1031 1081 hoc
1064 1014 1150 1093 loco
1179 1011 1434 1092 adiiciendum
1458 1012 1701 1100 arbitramur,
1739 1012 1902 1084 formam

364 1140 528 1215 corollae
558 1114 785 1236 primariam
817 1139 1213 1213 infundibuliformem
1249 1141 1387 1231 videri,
1418 1155 1507 1210 tum
1539 1142 1588 1211 ob
1623 1163 1712 1211 eam
1735 1163 1903 1236 causam,

363 1269 466 1359 qnod
498 1271 541 1339 in
577 1271 652 1343 hoc
685 1293 825 1371 genere
853 1271 962 1345 nulio
990 1271 1064 1345 alia
1096 1286 1154 1341 est
1187 1272 1424 1367 frequentior
1456 1285 1496 1338 et
1532 1273 1700 1366 reliquae
1735 1271 1782 1342 ad
1817 1296 1903 1344 earn

343 1399 535 1490 'proxime
576 1402 785 1494 accedunt,
843 1415 926 1470 tum
966 1402 1058 1494 quia
1095 1398 1139 1469 in
1177 1400 1239 1469 his
1277 1399 1374 1498 ipsis
1415 1400 1638 1494 speciebus·
1656 1400 1903 1495 conspicitur,

365 1550 459 1620 quae
513 1546 649 1629 typum
690 1532 840 1630 generis
881 1531 1025 1625 optime
1068 1528 1248 1598 referunt.
1335 1528 1381 1596 In
1414 1528 1591 1621 plurimis
1628 1529 1765 1601 florum
1798 1545 1902 1602 erte·
1936 1592 1943 1605 ,

363 1656 440 1728 rior
462 1658 577 1730 facies
600 1662 689 1759 pilis
713 1661 945 1747 tenuissimis
969 1659 1031 1731 vel
1052 1655 1302 1752 'pubescentia
1328 1658 1478 1731 obtecta
1505 1671 1562 1727 est
1586 1656 1672 1746 illa,
1712 1656 1903 1753 liquorem

361 1784 550 1857 viscidum
580 1804 821 1883 secernente,
868 1789 973 1860 cuius
1000 1788 1078 1861 iam
1105 1808 1219 1881 supra
1244 1786 1288 1858 in
1314 1785 1431 1858 caulis
1459 1785 1713 1883 descriptione
1738 1788 1904 1860 fecimus-

361 1919 611 1990 mentionem.
813 1908 816 1913 λ
977 2005 982 2019 ¹
1843 1914 1852 1923 ”

465 2046 525 2117 Do
551 2070 780 2144 organorum
808 2046 855 2135 ad
885 2046 1220 2118 fructificationem
1247 2043 1540 2145 partinentium,
1584 2043 1631 2115 de
1658 2047 1900 2140 capsularum

367 2185 404 2246 et
436 2174 626 2247 seminum
654 2192 840 2248 structura
867 2198 985 2274 quum
1013 2144 1324 2275 insequentibus
1358 2174 1568 2242 accuratius
1593 2174 1898 2266 disputaturisi·

362 2324 468 2394 mus,
491 2305 537 2374 de
560 2306 899 2404 transplantatione
920 2320 1050 2378 autem
1070 2304 1208 2373 harum
1228 2304 1447 2415 plantarum
1472 2304 1513 2371 in
1540 2304 1745 2395 Europam,
1774 2303 1820 2373 de
1836 2325 1898 2373 ea·

362 2451 525 2523 rumque
548 2436 839 2527 propagatione,
873 2435 921 2504 de
952 2415 1098 2509 culturi
1129 2448 1168 2502 et
1193 2431 1459 2521 fabricatione,
1496 2430 1542 2500 de
1568 2454 1641 2501 usu
1666 2445 1705 2501 et
1732 2431 1897 2501 utilitate

363 2558 525 2652 aliisque
551 2559 694 2648 multis,
722 2581 818 2652 quae
844 2557 891 2628 ad
917 2558 1021 2630 hunc
1047 2559 1175 2630 locum
1201 2528 1405 2656 pertinent,
1429 2536 1504 2628 alio
1520 2538 1820 2651 'loco'disserere
1846 2561 1910 2639 sic
1979 2566 1984 2571 '

364 2687 408 2759 in
431 2687 577 2778 animo,
600 2689 701 2765 nihil
726 2690 791 2762 hic
815 2688 947 2793 putavi
973 2685 1197 2760 addendum.
1390 2663 1392 2666 ’
1463 2670 1466 2676 ’
