4402 5490
1228 336 1231 341 ’
1291 316 1320 409 8

534 539 660 624 etiam,
689 545 725 601 et
740 541 898 623 propter
917 527 1107 617 insignem
1130 523 1221 616 viri,
1250 525 1316 616 qni
1344 538 1430 597 autc
1455 548 1513 597 me
1541 549 1581 596 co
1600 523 1768 618 functus
1795 541 1863 617 est,
1888 531 2067 621 gloriam,

442 656 461 713 '³
537 711 573 765 ct
598 703 754 783 propter
778 688 937 777 egregia
967 687 1138 756 virorttm
1173 683 1331 774 merita,
1368 686 1408 755 in
1436 707 1592 775 qttorttm
1621 685 1698 755 iam
1725 686 1946 758 sodalitium
1976 713 2073 759 rece-

536 867 624 944 pttts
650 869 740 916 snm.

645 1008 726 1074 Iam
751 1022 833 1069 eam
860 1001 1187 1087 circumspicerem
1214 1002 1454 1086 incertusque
1477 998 1699 1095 haererem,
1734 1019 1805 1097 qao
1829 1003 1981 1103 tandem
2006 1007 2074 1072 do-

544 1175 715 1238 cumento
742 1169 894 1246 gratum
918 1178 1036 1225 meam
1061 1159 1229 1227 animum
1258 1157 1379 1233 almae
1413 1155 1500 1226 urbi
1524 1154 1805 1244 Hambnrgensi
1829 1159 2076 1249 testificaret,

546 1324 592 1394 ob
619 1321 800 1391 honorem
827 1335 1018 1401 summam,
1043 1337 1149 1404 qttcm
1173 1314 1389 1382 detulerunt
1414 1310 1456 1380 in
1478 1333 1547 1399 me,
1574 1314 1641 1381 vin
1670 1335 1713 1379 eo
1739 1315 1920 1404 dignum,
1947 1317 2076 1383 simal-

547 1501 616 1571 qua
646 1475 881 1551 veliementer
910 1484 1099 1559 optarem,
1128 1471 1291 1556 collegis
1317 1469 1428 1557 meis,
1458 1469 1559 1537 viris
1592 1470 1769 1539 doctrina
1791 1472 2078 1567 eaedentibus,

548 1633 646 1706 mini
681 1651 772 1701 vero
811 1626 1001 1716 imprimis
1039 1641 1074 1695 et
1090 1627 1226 1695 -cmimi
1256 1627 1422 1711 candore
1457 1638 1496 1695 at
1530 1626 1634 1693 vitae
1670 1626 1866 1717 probitate
1901 1629 2082 1712 colendis,

550 1789 745 1866 amicitiae
775 1796 956 1853 tesseram
986 1780 1146 1874 offerre,
1192 1782 1234 1850 in
1264 1781 1364 1850 hanc
1395 1781 1520 1848 incidi
1546 1783 1839 1879 cogitationem,
1882 1797 1922 1851 ut
1956 1785 2082 1871 operis

548 1964 694 2044 partem
708 1961 810 2013 mere
822 1938 1057 2023 botanicum,
1078 1959 1188 2026 qaam
1204 1934 1302 2022 milti
1322 1934 1403 2022 ipse
1419 1953 1627 2002 sumseram
1641 1931 1930 2024 elaborandam,
1948 1939 2084 2026 qnippe

522 2149 526 2161 .
553 2127 648 2201 quaa
680 2095 872 2175 commode
904 2094 1080 2177 seorsim·
1097 2092 1162 2159 edi
1197 2089 1341 2180 possit,
1363 2089 1603 2187 ,typothetae
1635 2091 1863 2159 tradendam
1886 2113 2084 2193 ‘curarem

556 2286 632 2335 non
658 2256 809 2347 quidem
834 2252 1038 2340 ignorans,
1082 2249 1301 2340 opusculum
1330 2248 1392 2364 r'ei
1416 2247 1607 2334 gravitati
1638 2269 1713 2315 non
1742 2248 1840 2317 satis
1870 2253 2083 2341 convenire,

555 2433 757 2514 persuasus
783 2430 893 2497 vero,
950 2427 1074 2495 parva
1096 2408 1209 2475 etiam
1236 2405 1412 2475 benevole
1437 2416 1629 2493 acceptam
1657 2404 1731 2503 iri,
1772 2405 1975 2503 nequedum
1997 2408 2084 2497 dig-

561 2577 674 2647 niora
695 2566 849 2658 it'anerit
869 2560 1059 2663 proferre.
