4456 5496
1073 384 1135 484 48

576 844 707 939 XXI.
766 840 1134 936 NICOTIANA
1191 840 1622 943 PARVIFLORA,

997 1078 1213 1105 ⁸*-
1301 1080 1304 1085 ’

337 1276 381 1347 Ν.
413 1270 631 1346 caulibus
665 1264 919 1343 herbaceis
947 1273 1231 1366 prostratis,
1258 1273 1396 1343 foliis
1430 1275 1689 1346 sessilibus
1724 1278 1884 1348 oblon-

441 1401 513 1502 gis
547 1399 735 1471 obtusis
781 1401 1141 1490 crassiusculis,
1185 1400 1385 1472 corollis
1420 1402 1585 1494 parvis
1616 1406 1693 1474 vix
1726 1410 1886 1499 calyce

443 1528 769 1629 longioribus,
806 1529 942 1599 limbi
976 1529 1173 1602 laciniis
1210 1531 1408 1602 obtusis

341 1701 503 1775 Petunia
533 1694 796 1794 (parviflora)
827 1698 997 1770 caulibus
1024 1702 1243 1793 prostratis,
1278 1699 1432 1771 corollis
1461 1700 1525 1772 vix
1549 1702 1677 1797 calyce
1706 1705 1889 1802 longiori·

443 1831 525 1901 bus.
579 1830 678 1900 Pers.
709 1830 866 1924 Synops
892 1830 1014 1923 plant:
1038 1850 1069 1899 1.
1098 1840 1282 1926 pagara.

343 1960 382 2033 P.
411 1956 581 2031 caulibus
611 1957 822 2052 prostratis,
846 1958 949 2028 loliis
977 1959 1138 2029 Cerastii
1164 1958 1347 2047 minimis,
1369 1957 1556 2055 oblongis,
1580 1962 1733 2031 corollis
1759 1963 1885 2056 parvis

449 2087 513 2158 vix
549 2087 678 2179 calyce
709 2085 956 2183 longioribus.
1001 2089 1096 2160 luas.
1135 2087 1196 2158 in:
1233 2082 1331 2157 Anu.
1366 2085 1456 2157 hist
1492 2068 1625 2158 natur..
1646 2068 1745 2161 mus,
1770 2091 1886 2161 Paris.

449 2219 534 2288 Vol.
552 2238 587 2288 ιι.
623 2217 813 2316 pagatb.

256 2420 261 2427 ,
349 2350 452 2419 icon.
481 2322 575 2418 iusi.
603 2346 629 2415 l.
660 2368 690 2414 c.
718 2346 866 2442 tab.47.
897 2297 1039 2443 ligni·

503 2475 659 2548 Habitat
691 2474 734 2544 in
760 2473 936 2545 America
963 2474 1010 2545 ad
1038 2472 1180 2542 ostium
1213 2470 1379 2541 fluminis
1412 2469 1565 2591 Platae.¹
1608 2490 1665 2575 Q,
1713 2475 1761 2563 (v.
1785 2499 1813 2543 s.
1852 2479 1894 2546 in

725 2603 831 2672 herb.
858 2604 973 2691 Iuss.)
1093 2676 1099 2687 ,

930 2798 1298 2901 Descriptio.

460 2958 594 3033 Caules
625 2978 670 3028 ex
697 2952 831 3029 eadam
856 2951 981 3025 radice
1007 2954 1151 3047 plures,
1171 2954 1364 3049 prostrati,
1391 2957 1544 3047 ramosi,
1576 2973 1729 3050 teretes,
1753 2962 1894 3035 subvil-

355 3095 439 3167 loai.
492 3088 596 3162 Folia
622 3088 778 3176 alterna,
800 3082 957 3171 sectilia,
987 3082 1171 3180 oblonga,
1195 3082 1344 3174 obtusa,
1371 3087 1645 3177 crassiuscula,
1656 3093 1809 3184 avenis,
1837 3095 1895 3164 in.

357 3220 580 3321 tegerrima,
603 3214 835 3311 frequentia,
861 3211 1166 3311 semipollicaria,
1195 3212 1371 3307 utrinque
1398 3214 1655 3309 pubescentia,
1683 3243 1769 3291 cum
1797 3225 1898 3293 rudi.

359 3350 498 3422 mentia
524 3345 695 3419 foliaceis
731 3345 773 3414 in
802 3339 937 3413 axillis.
1008 3341 1135 3413 Flores
1164 3341 1359 3442 axillares,
1391 3345 1588 3437 solitarii,
1605 3349 1770 3442 breviter
1792 3354 1901 3449 pgdjs

363 3476 499 3551 collati.
553 3474 672 3567 calyx
698 3471 980 3567 quinquelidus:
1011 3470 1160 3542 laciniis
1187 3470 1374 3573 oblongis,
1399 3470 1684 3569 obtusiusculis,
1711 3479 1900 3553 soliarem,

363 3607 513 3681 Corolia
542 3598 736 3693 tubuloaa,
761 3601 822 3669 vix
853 3601 980 3693 calyce
1007 3600 1175 3698 longior,
1205 3599 1723 3701 mediocoarctata,jrubra;
1746 3610 1901 3705 *limbus

363 3738 542 3835 plicatus:
587 3731 734 3803 laciniis
766 3729 931 3819 obtusis,
958 3728 1310 3822 'subinaequalibus
1372 3730 1541 3803 Stamina
1568 3738 1756 3828 quinque,
1794 3741 1897 3810 inae-

367 3866 502 3963 qualia.
562 3862 690 3957 Stylus
717 3858 941 3931 staminibus
966 3860 1095 3955 paullo
1117 3859 1286 3957 longior:
1327 3861 1506 3957 stigmate
1533 3862 1670 3935 bilobo.
1737 3870 1900 3963 capsula

368 4006 496 4097 ovata,
526 3994 654 4087 calyce
679 3990 827 4065 inclusa
834 4040 846 4083 ,
880 3990 1118 4087 bilocularis,
1153 3989 1259 4085 apice
1284 3987 1453 4063 bivalvis.

369 4200 455 4277 obs.
509 4199 619 4271 Hanc
641 4210 680 4270 et
697 4194 985 4295 praecedentem
1009 4194 1178 4293 speciem
1198 4196 1256 4268 nt
1280 4190 1328 4266 de
1349 4186 1497 4266 Iussieu
1526 4184 1905 4315 (anquDCCCIII)
1946 4270 1949 4274 .

395 4373 400 4397 ,
472 4350 614 4401 novum
639 4326 835 4401 constituit
861 4350 1002 4426 genus,
1023 4324 1242 4418 Petuniam,
1268 4336 1312 4395 ut
1331 4296 1449 4421 ¹ruprtt
1469 4326 1651 4425 diximus,
1676 4310 1776 4423 quod
1800 4335 1904 4406 aNiss

473 4462 619 4535 rotiana
656 4484 735 4532 non
770 4459 859 4538 satis
890 4458 1079 4530 diversum
1113 4456 1223 4530 nobis
1255 4452 1480 4548 videbatur,
1495 4458 1593 4551 quia
1627 4456 1735 4556 signa
1767 4444 1907 4553 quibus
